@Article{anand96,
  author =   {M.S. Anand and A. T. Hsu and S. B. Pope},
  title =    {{PDF} calculations for swirl combustors},
  journal =      {AIAA Journal},
  year =     {1996},
  volume =   {35},
  pages =    {1143-1150},
}
@Article{bardina80,
  author =   {J. Bardina and J. H. Ferziger and W. C. Reynolds},
  title =    {Improved Subgrid Models for Large Eddy Simulation},
  journal =      {AIAA},
  year =     {1980},
  note =     {Paper 80-1375}
}
@Article{barlow01,
  author =   {R. S. Barlow and A. N. Karpetis and J. H. Frank and J. Y. Chen},
  title =    {Scalar Profiles and {NO} Formation in Laminar Opposed-Flow Partially Premixed Methane/Air Flames},
  journal =      {Combust. Flame},
  year =     {2001},
  volume =   {127},
  pages =    {2102-2118}
}
@Article{barlow00,
  author =   {R. S. Barlow and G. J. Fiechtner and C. D. Carter and J. Y. Chen},
  title =    {Experiments on the Scalar Structure of Turbulent {$\mathrm{CO/H_2/N_2}$} Jet Flames},
  journal =      {Combust. Flame},
  year =     {2000},
  volume =   {120},
  pages =    {549-569}
}
@Article{bellan03,
  author =   {S.H. Lam and J. Bellan},
  title =    {On De-coupling of {Shvab-Zel'dovich} Variables in the Presence of Diffusion},
  journal =      {Combust. Flame},
  year =     {2003},
  volume =   {132},
  pages =    {691-696}
}
@Article{belmonte00,
  author =   {A. Belmonte and B. Martin and W. I. Goldburg},
  title =    {Experimental Study of {T}aylor's Hypothesis in a Turbulent Soap Film},
  journal =      {Phys. Fluids},
  year =     {2000},
  volume =   {12},
  number =   {4},
  pages =    {835-845}
}
@InProceedings{bender00,
  author =   {R. Bender and T. Blasenbrey and U. Maas},
  title =    {Coupling of Detailed {ILDM}-Reduced Chemistry with Turbulent Mixing},
  booktitle =    {Proc. Combust. Inst.},
  volume =  {28},
  pages =    {101-106},
  year =     {2000},
  organization = {The Combustion Institute}
}
@Article{bergmann98,
  author =   {V. Bergmann and W. Meier and D. Wolff and W. Stricker},
  title =    {Application of Spontaneous {Raman} and {Rayleigh} Scattering and {2D} {LIF} for the Characterization of a Turbulent {CH4/H2/N2} Jet Diffusion Flame },
  journal =      {Appl. Phys. B},
  year =     {1998},
  volume =   {66},
  pages =    {489}
}
@Article{bilger90,
  author =   {R. W. Bilger and S. H. St{\aa}rner and R. J. Kee},
  title =    {On Reduced Mechanisms for Methane-Air Combustion in Nonpremixed Flames},
  journal =      {Combust. Flame},
  year =     {1990},
  volume =   {80},
  number =   {2},
  pages =    {135-149},
  organization = {The Combustion Institute}
}
@InProceedings{bray96,
  author =   {K. N. C. Bray},
  title =    {The Challenge of Turbulent Combustion},
  booktitle =    {Proc. Combust. Inst.},
  volume =  {26},
  pages =    {1-26},
  year =     {1996},
  organization = {The Combustion Institute}
}
@Book{bsl60,
  author =   {R. B. Bird and W. E. Stewart and E. N. Lightfoot},
  title =    {Transport Phenomena},
  publisher =    {Wiley},
  year =     {1960},
  address =      {New York}
}
@Article{burke28,
  author =   {S. P. Burke and T. E. W. Schumann},
  title =    {Diffusion Flames},
  journal =      {Ind. Eng. Chem.},
  year =     {1928},
  volume =   {20},
  pages =    {998-1004},
}
@Manual{chemkinTrans,
  title =    {Transport},
  author =   {R. J. Kee and G. Dixon-Lewis and J. Warnatz and M. E. Coltrin and J. A. Miller and H. K. Moffat},
  organization = {Reaction Design, Inc.},
  address =      {San Diego, CA},
  note =     {Release 3.5},
  year =     {1999},
}
@Article{coffee81,
  author = 	 {T. P. Coffee and J. M. Heimerl},
  title = 	 {Transport Algorithms for Premixed, Laminar Steady-State Flames},
  journal = 	 {Combust. Flame},
  year = 	 {1981},
  volume = 	 {43},
  pages = 	 {273-289}
}
@Article{cook94,
  author =   {A. W. Cook and J. J. Riley},
  title =    {A Subgrid Model for Equilibrium Chemistry in Turbulent Flows},
  journal =      {Phys. Fluids},
  year =     {1994},
  volume =   {6},
  number =   {8},
  pages =    {2868-2870}
}
@Article{cook97,
  author =   {A. W. Cook},
  title =    {Determination of the Constant Coefficient in Scale Similarity Models of Turbulence},
  journal =      {Phys. Fluids},
  year =     {1997},
  volume =   {9},
  number =   {5},
  pages =    {1485-1487},
}
@Article{cook98,
  author =   {A. W. Cook and J. J. Riley},
  title =    {Subgrid-Scale Modeling for Turbulent Reacting Flows},
  journal =      {Combust. Flame},
  year =     {1998},
  volume =   {112},
  pages =    {593-606}
}
@Article{cook99,
  author =   {A. W. Cook and W. K. Busche},
  title =    {A Subgrid-Scale Model for the Scalar Dissipation Rate in Nonpremixed Combustion},
  journal =      {Phys. Fluids},
  year =     {1999},
  volume =   {11},
  number =   {3},
  pages =    {746-748},
}
@Article{cuenot00,
  author =   {B. Cuenot and F. N. Egolfopoulos and T. Poinsot},
  title =    {An Unsteady Flamelet Model for Non-Premixed Combustion},
  journal =      {Combust. Theory Modelling},
  year =     {2000},
  volume =   {4},
  number =   {},
  pages =    {77-97},
}
@Article{curran02,
  author =   {H. J. Curran and P. Gaffuri and W. J. Pitz and C. K. Westbrook},
  title =    {A Comprehensive Modeling Study of iso-Octane Oxidation},
  journal =      {Combust. Flame},
  year =     {2002},
  volume =   {129},
  pages =    {253-280}
}
@Article{dahm97,
  author =   {W. J. A. Dahm and K. B. Southerland},
  title =    {Experimental Assessment of {T}aylor's Hypothesis and its Applicability to Dissipation Estimates in Turbulent Flows},
  journal =      {Phys. Fluids},
  year =     {1997},
  volume =   {9},
  pages =    {2101}
}
@Article{deardorff74,
  author =   {J. W. Deardorff},
  title =    {Three-Dimensional Numerical Study of the Height and Mean Structure of a Heated Planetary Boundary Layer},
  journal =      {Boundary-Layer Meteorol.},
  year =     {1974},
  volume =   {18},
  pages =    {495-527}
}
@PhdThesis{debruynkops99,
  author =   {S. M. de Bruyn Kops},
  title =    {Numerical Simulation of Non-premixed Turbulent Combustion},
  school =   {University of Washington},
  year =     {1999},
}
@Article{debruynkops98,
  author =   {S. M. de Bruyn Kops and J. J. Riley and G. Kos\'{a}ly},
  title =    {Investigation of Modeling for Non-Premixed Turbulent Combustion},
  journal =      {Flow, Turbulence and Combustion},
  year =     {1998},
  volume =   {60},
  pages =    {105-122}
}
@Article{desjardin98,
  author =   {P. E. DesJardin and S. H. Frankel},
  title =    {Large Eddy Simulation of a Nonpremixed Reacting Jet: {Application} and Assessment of Subgrid-Scale Combustion Models},
  journal =      {Phys. Fluids},
  year =     {1998},
  volume =   {10},
  number =   {9},
  pages =    {2298-2314},
}
@Article{dixonlewis68,
  author =   {G. Dixon-Lewis},
  title =    {Flame Structure and Flame Reaction Kinetics},
  journal =      {Proc. Roy. Soc, A.},
  year =     {1968},
  volume =   {307},
  pages =    {111-135},
}
@InProceedings{domino00,
  author =   {S. P. Domino and P. J. Smith},
  title =    {State Space Sensitivity to a Prescribed Probability Density Function Shape in Coal Combustion Systems: Joint $\beta$-{PDF} Versus Clipped {G}aussian {PDF}},
  booktitle =    {Proc. Combust. Inst.},
  pages =    {2329-2336},
  year =     {2000},
  volume =   {28},
  organization = {The Combustion Institute}
}
@Article{echekki98,
  author =   {T. Echekki and J. H. Chen},
  title =    {Structure and Propagation of Methanol-Air Triple Flames},
  journal =      {Combust. Flame},
  year =     {1998},
  volume =   {114},
  pages =    {231-245},
}
@Article{erlebacher92,
  author =   {G. Erlebacher and M. Y. Hussaini and C. G. Speziale and T. A. Zang},
  title =    {Toward the Large-Eddy Simulation of Compressible Turbulent Flows},
  journal =      {J. Fluid. Mech.},
  year =     {1992},
  volume =   {238},
  pages =    {155-185}
}
@Article{eswaran88,
  author =   {V. Eswaran and S. B. Pope},
  title =    {Direct Numerical Simulations of the Turbulent Mixing of a Passive Scalar},
  journal =      {Phys. Fluids},
  year =     {1988},
  volume =   {31},
  number =   {3},
  pages =    {506-520}
}
@Article{ern98,
  author =   {A. Ern and V. Giovangigli},
  title =    {Thermal Diffusion Effects in Hydrogen-Air and Methane-Air Flames},
  journal =      {Combust. Theory Modelling},
  year =     {1998},
  volume =   {2},
  pages =    {349-372}
}
@Book{evans00,
  author =   {M. Evans and N. Hastings and B. Peacock},
  title =    {Statistical Distributions},
  publisher =    {Wiley},
  year =     {2000},
  address =      {New York},
  edition =      {third}
}
@InCollection{favre69,
  author =   {A. Favre},
  title =    {Statistical Equations of Turbulent Gases},
  booktitle =    {Problems of Hydrodynamics and Continuum Mechanics},
  pages =    {231-266},
  publisher = {Society for Industrial and Applied Mathematics},
  year =     {1969},
  editor =   {M. A. Lavrent'ev},
  address =      {Philadelphia},
}
@Book{felder86,
  author =   {R. M. Felder and R. W. Rousseau},
  title =    {Elementary Principles of Chemical Processes},
  publisher =    {John Wiley \& Sons},
  year =     {1986},
  address =      {New York},
  edition =      {second},
}
@Article{fiorina03,
  author =   {B. Fiorina and R. Baron and O. Gicquel and D. Thevenin and S. Carpentier and N. Darabiha},
  title =    {Modelling Non-Adiabatic Partially Premixed Flames Using Flame-Prolongation of {ILDM}},
  journal =      {Combust. Theory Modelling},
  year =     {2003},
  volume =   {7},
  pages =    {449-470}
}
@Article{fox98,
  author =   {R. O. Fox},
  title =    {On the Relationship between {Lagrangian} Micromixing Models and Computational Fluid Dynamics},
  journal =      {Chemical Engineering and Processing},
  year =     {1998},
  volume =   {37},
  pages =    {512-535}
}
@InProceedings{fox99,
  author =   {K. Tsai and P. Gillis and S. Sen and R. O. Fox},
  title =    {A Finite-Mode {PDF} Model for Turbulent Reacting Flows},
  booktitle =    {Proceedings of FEDSM99},
  pages =    {909-914},
  year =     {1999},
  series =   {3RD ASME/JSME Joint Fluids Engineering Conference},
  address =      {San Francisco, CA},
  month =    {July},
  organization = {ASME}
}
@Article{fox02,
  author =   {K. Tsai and P. Gillis and S. Sen and R. O. Fox},
  title =    {A Finite-Mode {PDF} Model for Turbulent Reacting Flows},
  journal =      {Transactions of the ASME},
  year =     {2002},
  volume =   {124},
  pages =    {102-107},
}
@Book{fox03,
  author =   {R. O. Fox},
  title =    {Computational Models for Turbulent Reacting Flows},
  publisher =    {Cambridge University Press},
  year =     {2003},
}
@Misc{fox,
  author =   {R. O. Fox},
  year =     {2002},
  note =     {Private Communication},
}
@Article{fureby96,
  author =   {C. Fureby},
  title =    {On subgrid Scale Modeling in Large Eddy Simulations of Compressible Fluid Flow},
  journal =      {Phys. Fluids},
  year =     {1996},
  volume =   {8},
  number =   {5},
  pages =    {1301-1311}
}
@Book{galperin93,
  author =   {B. Galperin and S. A. Orszag},
  title =    {Large Eddy Simulation of Complex Engineering and Geophysical Flows},
  publisher =    {Cambridge University Press},
  year =     {1993},
  address =      {Cambridge},
}
@Article{germano86,
  author =   {M. Germano},
  title =    {A Proposal for a Redefinition of the Turbulent Stresses in the Filtered {Navier-Stokes} Equations},
  journal =      {Phys. Fluids},
  year =     {1986},
  volume =   {29},
  pages =    {2323-2324},
}
@Article{germano91,
  author =   {M. Germano and U. Piomelli and P. Moin and W. H. Cabot},
  title =    {A Dynamic Subgrid-Scale Eddy Viscosity Model},
  journal =      {Phys. Fluids A},
  year =     {1991},
  volume =   {3},
  pages =    {1760-1765}
}
@Article{germano92,
  author =   {M. Germano},
  title =    {Turbulence: the Filteing Approach},
  journal =      {J. Fluid Mech.},
  year =     {1992},
  volume =   {238},
  pages =    {325-336},
}
@Article{ghosal95,
  author =   {S. Ghosal and P. Moin},
  title =    {The Basic Equations for the Large Eddy Simulation of Turbulent Flows in Complex Geometry},
  journal =      {J. Comp. Phys.},
  year =     {1995},
  volume =   {118},
  pages =    {24-37}
}
@Book{gio99,
  author =   {V. Giovangigli},
  title =    {Multicomponent Flow Modeling},
  publisher =    {Birkhauser},
  year =     {1999},
  address =      {Boston}
}
@Article{girimaji91,
  author =   {S. S. Girimaji},
  title =    {Assumed $\beta$-{PDF} Model for Turbulent Mixing: {V}alidation and Extension to Multiple Scalar Mixing},
  journal =      {Combust. Sci. Tech.},
  year =     {1991},
  volume =   {78},
  number =   {},
  pages =    {177}
}
@Article{girimaji96,
  author =   {S. S. Girimaji and Y. Zhou},
  title =    {Analysis and Modeling of Subgrid Scalar Mixing Using Numerical Data},
  journal =      {Phys. Fluids A},
  year =     {1996},
  volume =   {8},
  number =   {5},
  pages =    {1224-1236}
}
@Misc{gri30,
  author =   {G. P. Smith and D. M. Golden and M. Frenklach and N. W. Moriarty and B. Eiteneer and M. Goldenberg and C. T. Bowman and R. K. Hanson and S. Song and W. C. Gardiner Jr. and V. V. Lissianski and Z. Qin},
  note =    {URL http://www.me.berkeley.edu/gri\_mech/}
}
@Book{gropp99,
  author =   {W. Gropp and E. Lusk and A. Skjellum},
  title =    {Using {MPI}: Portable, Parallel Programming with the Message-Passing Interface},
  publisher =    {MIT Press},
  year =     {1999},
  address =      {Cambridge, MA},
  edition =      {second},
}
@Article{hawkes05,
  author = {E. R. Hawkes and R. Sankaran and J. C. Sutherland and J. H. Chen},
  title = {Direct Numerical Simulation of Turbulent Combustion - Fundamental Insights Towards Predictive Models},
  journal = {Journal of Physics: Conference Series},
  year = {2005},
  volume = {16},
  pages = {65-79}
}
@Book{hcb64,
  author =   {J. O. Hirschfelder and C. F. Curtis and R. B. Bird},
  title =    {The Molecular Theory of Liquids and Gases},
  publisher =    {Wiley},
  year =     {1964},
  address =      {New York}
}
@Article{hewson01,
  author = 	 {J. C. Hewson and A. R. Kerstein},
  title = 	 {Stochastic Simulation of Transport and Chemical Kinetics in Turbulent {CO}/{H}$_2$/{N}$_2$ Flames},
  journal = 	 {Combust. Theory Modelling},
  year = 	 {2001},
  volume = 	 {5},
  pages = 	 {669-697}
}
@Article{hilbert03,
  author =   {R. Hilbert and F. Tap and H. El-Rabii and D. Th\'{e}venin},
  title =    {Impact of Detailed Chemistry and Transport Models on Turbulent Combustion Simulations},
  journal =      {Prog. Energy Combust. Sci.},
  year =     {2003},
  volume =   {30},
  pages =    {61-117}
}
@Book{hinze75,
  author =   {J. O. Hinze},
  title =    {Turbulence},
  publisher =    {MacGraw-Hill},
  year =     {1975},
  address =   {New Tork},
  edition =   {second}
}
@Article{jaberi98,
  author =   {F. A. Jaberi and S. James},
  title =    {A Dynamic Similarity Model for Large Eddy Simulation of Turbulent Combustion},
  journal =      {Phys. Fluids},
  year =     {1998},
  volume =   {10},
  number =   {7},
  pages =    {1775-1777}
}
@Article{jaberi00,
  author =   {F. A. Jaberi and D. Livescu and C. K. Madnia},
  title =    {Characteristics of Chemically Reacting Compressible Homogeneous Turbulence},
  journal =      {Physics of Fluids},
  year =     {2000},
  volume =   {12},
  number =   {5},
  pages =    {1189-1209}
}
@Article{james00,
  author =   {S. James and F. A. Jaberi},
  title =    {Large Scale Simulations of Two-Dimensional Nonpremixed Methane Jet Flames},
  journal =      {Combust. Flame},
  year =     {2000},
  volume =   {123},
  pages =    {465-487}
}
@Article{jimenez97,
  author =   {J. Jim{\'{e}}nez and A. Li{\~{n}}\'{a}n  and  M. M. Rogers  and  F. J. Higuera},
  title =    {\emph{A-priori} Testing of Sub-Grid Models for Chemically Reacting Nonpremixed Turbulent Shear Flows},
  journal =      {J. Fluid Mech},
  year =     {1997},
  volume =   {349},
  pages =    {149-171}
}
@Article{jimenez01,
  author =   {C. Jim\'{e}nez and F. Ducros and B. Cuenot and B. B\'{e}dat},
  title =    {Subgrid Scale Variance and Dissipation of a Scalar Field in Large Eddy Simulations},
  journal =      {Phys. Fluids},
  year =     {2001},
  volume =   {16},
  number =   {6},
  pages =    {1748-1754}
}
@InProceedings{jyChen99,
  author =   {R. Homma and J.Y. Chen},
  title =    {Reduced Mechanisms for Prediction of {NO}$_2$ Formation in Methane-Air Combustion},
  booktitle =  {The Second Asia-Pacific Conference on Combustion},
  year =     {1999.},
  note =     {URL http://firebrand.me.berkeley.edu/homma/ASPACC99.htm}
}
@Article{jyChen98,
  author =   {Y. C. Chen and J. Y. Chen},
  title =    {Fuel-Dilution Effect on Differential Molecular Diffusion in Laminar Hydrogen Diffusion Flames},
  journal =      {Combust. Theory Modelling},
  year =     {1998},
  volume =   {2},
  pages =    {497-514},
}
@Article{kennedy94,
  author =   {C. A. Kennedy and M. H. Carpenter},
  title =    {A Comparison of Several New Numerical Methods for the Simulation of Compressible Shear Layers},
  journal =      {Appl. Num. Math.},
  year =     {1994},
  volume =   {14},
  number =   {4},
  pages =    {397-433}
}
@Article{kennedy00,
  author =   {C. A. Kennedy and M. H. Carpenter and R. M. Lewis},
  title =    {Low-Storage, Explicit {Runge-Kutta} Schemes for the Compressible {Navier-Stokes} Equations},
  journal =      {Appl. Num. Math.},
  year =     {2000},
  volume =   {35},
  number =   {3},
  pages =    {177-219}
}
@Article{kerstein84,
  author =   {A. R. Kerstein and W. T. Ashurst},
  title =    {Lognormality of Gradients of Diffusive Scalars in Homogeneous, Two-Dimensional Mixing Systems},
  journal =      {Phys. Fluids},
  year =     {1984},
  volume =   {27},
  pages =    {2719-2827},
}
@Article{klimenko99,
  author =   {A. Y. Klimenko and R. W. Bilger},
  title =    {Conditional Moment Closure for Turbulent Combustion},
  journal =      {Prog. Energy Combust. Sci.},
  year =     {1999},
  volume =   {25},
  pages =    {595-687},
}
@Article{kollmann90,
  author =   {W. Kollmann},
  title =    {The {PDF} Approach to Turbulent Flow},
  journal =      {Theor. Comp. Fluid. Dynam.},
  year =     {1990},
  volume =   {1},
  pages =    {285-349},
}
@Article{kronenburg97,
  author = 	 {A. Kronenburg and R. W. Bilger},
  title = 	 {Modelling of differential diffusion effects in nonpremixed nonreacting turbulent flow},
  journal = 	 {Phys. Fluids},
  year = 	 {1997},
  volume = 	 {9},
  number = 	 {5},
  pages = 	 {1435-1447}
}
@Article{leonard74,
  author =   {A. Leonard},
  title =    {Energy Cascade in Large Eddy Simulation of Turbulent Fluid Flow},
  journal =      {Adv. Geophys.},
  year =     {1974},
  volume =   {18A},
  number =   {},
  pages =    {237-248}
}
@InProceedings{lilly67,
  author =   {D. K. Lilly},
  title =    {The Representation of Small-Scale Turbulence in Numerical Simulation Experiments},
  booktitle =    {Proc. IBM Scientific Computing Symp. on Environmental Sciences},
  pages =    {195-210},
  year =     {1967},
  editor =   {H. H. Goldstein},
  address =      {Yorktown Heights, NY},
  organization = {IBM}
}
@Article{lockwood75,
  author =   {F. C. Lockwood and A. S. Naguib},
  title =    {The Prediction of the Fluctuations in the Properties of Free, Round-Jet, Turbulent, Diffusion Flames},
  journal =      {Combust. Flame},
  year =     {1975},
  volume =   {24},
  pages =    {109-124}
}
@Article{martin00,
  author =   {M. P Mart\'{i}n and U. Piomelli and G. V. Candler},
  title =    {Subgrid-Scale Models for Compressible Large-Eddy Simulations},
  journal =      {Theoret. Comput. Fluid Dynamics},
  year =     {2000},
  volume =   {13},
  pages =    {361-376}
}
@InProceedings{maas92,
  author =   {U. Maas and S. B. Pope},
  title =    {Implementation of Simplified Chemical Kinetics Based on Intrinsic Low-Dimensional Manifolds},
  booktitle =    {Proc. Combust. Inst.},
  volume =  {24},
  pages =    {103-112},
  year =     {1992},
  organization = {The Combustion Institute}
}
@InProceedings{maas94,
  author =   {U. Maas and S. B. Pope},
  title =    {Laminar Flame Calculations Using Simplified Chemical Kinetics Based on Intrinsic Low-Dimensional Manifolds},
  booktitle =    {Proc. Combust. Inst.},
  volume =  {25},
  pages =    {1349-1356},
  year =     {1994},
  organization = {The Combustion Institute}
}
@InProceedings{maas98,
  author =   {U. Maas and D. Th\'{e}venin},
  title =    {Correlation Analysis of Direct Numerical Simulation Data of Turbulent Non-Premixed Flames},
  booktitle =    {Proc. Combust. Inst.},
  volume =  {27},
  pages =    {1183-1189},
  year =     {1998},
  organization = {The Combustion Institute}
}
@Manual{mason02,
  title =    {{S3D}: {Sandia's} Parallel {F90} Direct Numerical Simulation Code for Turbulent Reacting Flows},
  author =   {S. D. Mason and J. C. Sutherland},
  organization = {Sandia National Laboratories},
  address =      {Livermore, CA},
  year =     {2002},
}
@Article{meneveau97,
  author =   {C. Meneveau and T. S. Lund},
  title =    {The Dynamic Smagorinsky Model and Scale-Dependend Coefficients in the Viscous Range of Turbulence},
  journal =      {Phys. Fluids},
  year =     {1997},
  volume =   {9},
  pages =    {3932-3934}
}
@Article{maxwell1866,
  author =   {J. C. Maxwell},
  title =    {On the Dynamical Theory of Gases},
  journal =      {Phil. Trans. Roy. Soc.},
  year =     {1866},
  volume =   {157},
  pages =    {49-88},
}
@Article{meier00,
  author =   {W. Meier and R. S. Barlow and J. Y. Chen},
  title =    {{Raman/Rayleigh/LIF} Measurements in a Turbulent {CH4/H2/N2} Jet Diffusion Flame: Experimental Techniques and Turbulence-Chemistry Interaction},
  journal =      {Combust. Flame},
  year =     {2000},
  volume =   {123},
  pages =    {326-343}
}
@Article{mell93,
  author =   {W. E. Mell and V. Nilsen and G. Kos{\'{a}}ly and J. J. Riley},
  title =    {Direct Numercal Simulation Investigation of the Conditional Moment Closure Model for Nonpremixed Turbulent Reacting Flows},
  journal =      {Combust.  Sci. Technol.},
  year =     {1993},
  volume =   {91},
  pages =    {179}
}
@Article{mi94,
  author =   {J. Mi and R. A. Antonia},
  title =    {Corrections to {T}aylor's Hypothesis in a Turbulent Circular Jet},
  journal =      {Phys. Fluids},
  year =     {1994},
  volume =   {6},
  pages =    {1548}
}
@Article{moin91,
  author =   {P. Moin and K. Squires and S. Lee},
  title =    {A Dynamic Subgrid-Scale Model for Compressible Turbulence and Scalar Transport},
  journal =      {Phys. Fluids},
  year =     {1991},
  volume =   {3},
  number =   {11},
  pages =    {2746-2757}
}
@InBook{menon93,
  author =   {S. Menon and P. McMurtry and A. R. Kerstein},
  editor =   {B. Galperin and S. Orszag},
  title =    {{LES} of Complex Engineering and Geophysical Flows},
  chapter =      {A Linear Eddy Mixing Model for Large Eddy Simulation of Turbulent Combustion},
  publisher =    {Cambridge University Press},
  year =     {1993},
  address =      {Cambridge},
  pages =    {287-314},
}
@Article{montgomery97,
  author =   {C. J. Montgomery and G. Kos\'{a}ly and J. J. Riley},
  title =    {Direct Numerical Solution of Turbulent Nonpremixed combustion with multistep hydrogen-oxygen kinetics},
  journal =      {Combust. Flame},
  year =     {1997},
  volume =   {109},
  pages =    {113-144}
}
@Article{mueller99,
  author =   {M. A. Mueller and T. J. Kim and R. A. Yetter and F. L. Dreyer},
  title =    {Flow Reactor Studies and Kinetic Modeling of the {$\mathrm{H_2/O_2}$} Reaction},
  journal =      {Int. J. Chem. Kinet.},
  year =     {1999},
  volume =   {31},
  number =   {2},
  pages =    {113-125}
}
@Article{nilsen97,
  author = 	 {V. Nilsen and G. Kos\'{a}ly},
  title = 	 {Differentially diffusing scalars in turbulence},
  journal = 	 {Phys. Fluids},
  year = 	 {1999},
  volume = 	 {9},
  number =	 {11},
  pages = 	 {3386-3397}
}
@Article{nilsen99,
  author = 	 {V. Nilsen and G. Kos\'{a}ly},
  title = 	 {Differential Diffusion in Turbulent Reacting Flows},
  journal = 	 {Combust. Flame},
  year = 	 {1999},
  volume = 	 {117},
  pages = 	 {493-513}
}
@Book{perrys97,
  editor =   {R. L. Perry and D. W. Green},
  title =    {Perry's Chemical Engineers' Handbook},
  publisher =    {McGraw-Hill},
  year =     {1997},
  address =      {New York},
  edition =      {seventh}
}
@Article{piomelli99,
  author =   {U. Piomelli},
  title =    {Large-Eddy Simulation: Achievements and Challenges},
  journal =      {Prog. Aerospace Sci.},
  year =     {1999},
  volume =   {35},
  pages =    {335-362},
}
@PhdThesis{oijen02,
  author =   {J. A. van Oijen},
  title =    {Flamelet-Generated Manifolds: Development and Application to Premixed Flames},
  school =   {Eindhoven University of Technology},
  year =     {2002},
}
@Article{oijen02a,
  author =   {J. A. van Oijen and L.P.H. de Goey},
  title =    {Modelling of Premixed Counterflow Flames using the Flamelet-Generated Manifold Method},
  journal =      {Combust. Theory Modelling},
  year =     {2002},
  volume =   {6},
  pages =    {463-478},
}
@TechReport{OPDIFF,
  author = 	 {A. E. Lutz and R. J. Kee and J. F. Grcar and F. M. Rupley},
  title = 	 {{OPPDIF}: A Fortran Program for Computing Opposed-flow Diffusion Flames},
  institution =  {Sandia {N}ational {L}aboratories},
  year = 	 {1996},
  number = 	 {SAND 96-8243},
}
@Book{peters00,
  author =   {N. Peters},
  title =    {Turbulent Combustion},
  publisher =    {Cambridge University Press},
  year =     {2000},
  address =      {New York}
}
@InProceedings{peters86,
  author =   {N. Peters},
  title =    {Laminar Flamelet Concepts in Turbulent Combustion},
  booktitle =    {Proc. Combust. Inst.},
  volume =  {24},
  pages =    {1231-1250},
  year =     {1986},
  organization = {The Combustion Institute}
}
@Article{peters84,
  author =   {N. Peters},
  title =    {Laminar Diffusion Flamelet Models in Non-Premixed Turbulent Combustion},
  journal =      {Prog. Energy Combust. Sci.},
  year =     {1984},
  volume =   {10},
  pages =    {319-339}
}
@Article{petrov98,
  author =   {C. A. Petrov and A. F. Ghoniem},
  title =    {Dynamics and Structure of Interacting Nonpremixed Flames},
  journal =      {Combust. Flame},
  year =     {1998},
  volume =   {115},
  pages =    {180-194}
}
@Article{pierce04,
  author = 	 {C. D. Pierce and P. Moin},
  title = 	 {Progress-Variable Approach for Large-Eddy Simulation of Non-premixed Turbulent Combustion},
  journal = 	 {J. Fluid Mech.},
  year = 	 {2004},
  volume = 	 {504},
  pages = 	 {73-97}
}
@Article{pitsch98,
  author =   {H. Pitsch and N. Peters},
  title =    {A Consistent Flamelet Formulation for Non-Premixed Combustion Considering Differential Diffusion Effects},
  journal =      {Combust. Flame},
  year =     {1998},
  volume =   {114},
  pages =    {26-40}
}
@Book{pope00,
  author =   {S. B. Pope},
  title =    {Turbulent Flows},
  publisher =    {Cambridge University Press},
  year =     {2000},
  address =      {New York}
}
@InProceedings{pope90,
  author =   {S. B. Pope},
  title =    {Computations of Turbulent Combustion: Progress and Challenges},
  booktitle =    {Proc. Combust. Inst.},
  pages =    {591-612},
  year =     {1990},
  Tvolume =      {23},
  organization = {The Combustion Institute},
}
@Article{pope85,
  author =   {S. B. Pope},
  title =    {{PDF} Methods for Turbulent Reacting Flows},
  journal =      {Prog. Energy Combust. Sci.},
  year =     {1984},
  volume =   {11},
  pages =    {119-195},
}
@Book{press92,
  author =   {W. H. Press and W. A. Teukolsky and W. T. Vetterling and B. P. Flannery},
  title =    {Numerical Recipes in C},
  publisher =    {Cambridge University Press},
  year =     {1992},
  address =      {Cambridge},
  edition =      {second}
}
@Article{ramshaw90,
  author = 	 {J. D. Ramshaw},
  title = 	 {Self-Consistent Effective Binary Diffusion in Multicomponent Mixtures},
  journal = 	 {J. Non-Equilib. Thermodyn.},
  year = 	 {1990},
  volume = 	 {15},
  pages = 	 {295}
}
@Article{ramshaw96,
  author = 	 {J. D. Ramshaw and C. H. Chang},
  title = 	 {Friction-Weighted Self-Consistent Effective Binary Diffusion Approximation},
  journal = 	 {J. Non-Equilib. Thermodyn.},
  year = 	 {1996},
  volume = 	 {21},
  pages = 	 {223-232}
}
@PhdThesis{rawat97,
  author =   {Rajesh Rawat},
  title =    {Modeling Finite-Rate Chemistry in Turbulent Reacting Flows},
  school =   {University of Utah, Department of Chemical \& Fuels Engineering},
  year =     {1997}
}
@Book{sagaut02,
  author =   {Pierre Sagaut},
  title =    {Large Eddy Simulation for Incompressible Flows},
  publisher =    {Springer},
  year =     {2002},
  address =      {Berlin},
  edition =      {second},
}
@Article{saxena99,
  author =   {V. Saxena and S. B. Pope},
  title =    {{PDF} Simulations of Turbulent Combustion using Detailed Chemistry},
  journal =      {Combust. Flame},
  year =     {1999},
  volume =   {117},
  pages =    {340-350}
}
@Article{seshadri78,
  author =   {Seshadri and Williams},
  title =    {Laminar Flow Between Parallel Plates with Injection of a Reactant at High {Reynolds} Number},
  journal =      {Int. J. Heat \& Mass Trans.},
  year =     {1978},
  volume =   {21},
  number =   {2},
  pages =    {251-253},
}
@Article{schmidt98,
  author =   {D. Schmidt and T. Blasenbrey and U Maas},
  title =    {Intrinsic Low-dimensional Manifolds of Strained and Unstrained Flames},
  journal =      {Combust. Theory Modelling},
  year =     {1998},
  volume =   {2},
  pages =    {135-152}
}
@Article{smagorinsky63,
  author =   {J. Smagorinsky},
  title =    {General Circulation Experiments with the Primitive Equations: {I}. {T}he Basic Equations},
  journal =      {Mon. Weather Rev.},
  year =     {1963},
  volume =   {91},
  pages =    {99-164}
}
@Book{smith01,
  author =   {J. M. Smith and H. C. Van Ness and M. M. Abbott},
  title =    {Introduction to Chemical Engineering Thermodynamics},
  publisher =    {McGraw-Hill},
  year =     {2001},
  address =      {Boston},
  edition =      {sixth},
}
@Article{smith95,
  author =   {L. L. Smith and R. W. Dibble and L. Talbot and R. S. Barlow and C. D. Carter},
  title =    {Laser Raman Scattering Measurements of Differential Molecular Diffusion in Turbulent Nonpremixed Jet Flames of {$\mathrm{H_2/CO_2}$} Fuel},
  journal =      {Combust. Flame},
  year =     {1995},
  volume =   {100},
  pages =     {153-160},
}
@Book{smith85,
  author =   {L. D. Smoot and P. J. Smith},
  title =    {Coal Combustion and Gasification},
  publisher =    {Plenum Press},
  year =     {1985},
  address =      {New York}
}
@Article{speziale85,
  author =   {C. G. Speziale},
  title =    {Galilean Invariance of Subgrid-Scale Stress Models in Large-Eddy Simulation of Turbulence},
  journal =      {L. Fluid Mech.},
  year =     {1985},
  volume =   {156},
  pages =    {55-62},
}
@Article{sutherland04,
  author = 	 {J. C. Sutherland and P. J. Smith and J. H. Chen},
  title = 	 {Quantification of Differential Diffusion in Nonpremixed Systems},
  journal = 	 {Combust. Theory Modelling},
  year = 	 {2005},
  OPTvolume = 	 {9},
  OPTnumber = 	 {2},
  OPTpages = 	 {365-383},
  OPTmonth = 	 {May}
}
@Article{sutherland03,
  author =   {J. C. Sutherland and C. A. Kennedy},
  title =    {Improved Boundary Conditions for Viscous, Reacting, Compressible Flows},
  journal =      {J. Comp. Phys.},
  year =     {2003},
  volume =   {191},
  number =   {2},
  pages =    {502-524},
}
@PHDTHESIS{sutherland_phd,
  author =       {J. C. Sutherland},
  title =        {Evaluation of Mixing and Reaction Models for Large-Eddy Simulation of Nonpremixed Combustion Using Direct Numerical Simulation},
  school =       {University of Utah},
  year =         {2004},
  address =      {Salt Lake City, UT},
  month =        {May}
}
@InBook{smooke91,
  author =   {M. D. Smooke and V. Giovangigli},
  title =    {Lec. Notes Phys.},
  chapter =      {},
  publisher =    {Springer-Verlag},
  year =     {1991},
  volume =   {284},
  address =      {Berlin},
  pages =    {1-28}
}
@TechReport{stanjan,
  author =   {W. C. Reynolds},
  institution =  {Dept.\ of Mech.\ Eng., Stanford University},
  year =     {1986},
  type =     {Technical Report},
  number =   {A-3991},
  address =      {Stanford, CA},
}
@Article{stefan1871,
  author =   {J. Stefan},
  title =    {\"{U}ber das Gleichgewicht und die Bewegung, insbesondere die Diffusion von Gasmengen},
  journal =      {Sitzungsber. Akad. Wiss. Wien},
  year =     {1871},
  volume =   {63},
  pages =    {63-124}
}
@Article{swaminathan02,
  author =  {N. Swaminathan},
  title =   {Flamelet Regime in Non-premixed Combustion},
  journal = {Combust. Flame},
  year =    {2002},
  volume =  {129},
  pages =   {217-219}
}
@Article{swaminathan99,
  author =   {N. Swaminathan and R.W. Bilger},
  title =    {Assessment of Combustion Submodels for Turbulent Nonpremixed Hydrocarbon Flames},
  journal =  {Combust. Flame},
  year =     {1997},
  volume =   {116},
  pages =    {519-545}
}
@Article{swaminathan97,
  author =   {N. Swaminathan and R.W. Bilger},
  title =    {Direct Numerical Simulation of Rurbulent Nonpremixed Hydrocarbon Reaction Zones using a two-Step Reduced Mechanism},
  journal =      {Combust.  Sci.  Technol.},
  year =     {1997},
  volume =   {127},
  pages =    {167}
}
@Article{taing93,
  author =   {S. Taing and A. R. Masri and S. B. Pope},
  title =    {{PDF} Calculations of Turbulent Nonpremixed Flames of {H2/CO2} Using Reduced Chemical Mechanisms},
  journal =      {Combust. Flame},
  year =     {1993},
  volume =   {95},
  pages =    {135-150}
}
@InProceedings{tang00,
  author =   {Q. Tang and J. Xu and S. B. Pope},
  title =    {{PDF} Calculations of Local Extinction and {NO} Production in Piloted-jet Turbulent Methane/Air Flames},
  booktitle =    {Proc. Combust. Inst.},
  pages =    {133-139},
  year =     {2000},
  volume =   {28},
  organization = {The Combustion Institute}
}
@Article{taylor38,
  author =   {G. I. Taylor},
  title =    {The Spectrum of Turbulence},
  journal =      {Proc. Roy. Soc. London A},
  year =     {1938},
  volume =   {164},
  pages =    {476}
}
@Book{taylor99,
  author =  {R. Taylor and R. Krishna},
  title =   {Multicomponent Mass Transfer},
  publisher =   {Wiley},
  year =    {1993},
  address = {New York}
}
@Book{tennekes72,
  author =   {H. Tennekes and J. L. Lumley},
  title =    {A First Course in Turbulence},
  publisher =    {MIT Press},
  year =     {1972},
  address =      {Cambridge, MA},
}
@InProceedings{vervisch03,
  author =   {L. Vervisch and R. Hauguel and P. Domingo},
  title =    {Direct Numerical Simulation ({DNS}) of a premixed turbulent {V}-Flame},
  booktitle =    {39th AIAA/ASME/SAE/ASEE Joint Propulsion Conference and Exhibit},
  year =     {2003},
  address =      {Huntsville},
  month =    {July},
  note =     {Invited Talk}
}
@Article{veynante02,
  author =  {D. Veynante and L. Vervisch},
  title =   {Turbulent Combustion Modeling},
  journal = {Prog Energy Combust Sci},
  year =    {2002},
  volume =  {28},
  pages =   {193-266}
}
@Article{vreman97,
  author =   {B. Vreman and B. Geurts and H. Kuerten},
  title =    {Large-Eddy Simulation of the Turbulent Mixing Layer},
  journal =      {J. Fluid Mech.},
  year =     {1997},
  volume =   {339},
  pages =    {357-390}
}
@Book{warnatz96,
  author =   {J. Warnatz, U. Maas, R. W. Dibble},
  title =    {Combustion},
  publisher =    {Springer},
  year =     {1996},
  address =      {Berlin},
  note    =      {1$^\mathrm{st}$ ed.}
}
@Book{wilcox00,
  author =   {D. C. Wilcox},
  title =    {Turbulence Modeling for CFD},
  publisher =    {DCW Industries},
  year =     {2000},
  address =      {La Ca{\v{n}}ada CA}
}
@Book{williams85,
  author =   {F. A. Williams},
  title =    {Combustion Theory},
  publisher =    {Perseus Books},
  year =     {1985},
  address =      {Cambridge},
  edition =      {second},
}
@Book{williams94,
  author =   {P. Libby, F. Williams},
  title =    {Turbulent Reacting Flows},
  publisher =    {Academic Press},
  year =     {1994},
  address =      {London}
}
@Article{yee95,
  author =   {Y. Y. Yee and S. B. Pope},
  title =    {Nonpremixed turbulent reacting flow near extinction},
  journal =      {Combust. Flame},
  year =     {1995},
  volume =   {101},
  pages =    {501-528}
}
@Article{yetter91,
  author =   {Yetter, R. A. and Dryer, F. L. and Rabitz, H.},
  title =    {A Comprehensive Reaction Mechanism for Carbon-Monoxide Hydrogen Oxygen Kinetics},
  journal =      {Combust. Sci. Technol.},
  year =     {1991},
  volume =   {79},
  number =   {1-3},
  pages =    {97-128}
}
