@article{guilkeyIMPM,
author = "J.E. Guilkey and J.A. Weiss",
title = "Implicit time integration for the Material Point Method:
Quantitative and algorithmic comparisons with the Finite Element Method",
journal = "International Journal for Numerical Methods in Engineering",
volume = "57",
pages = "1323-1338",
year = "2003"}

@book{laney,
author = "C. B. Laney",
title = "Computational Gasdynamics",
publisher = "Cambridge University Press",
year = "1998",
address = "Cambridge"}

@article{sod,
author = "G. A. Sod",
title = "A Survey of Several Finite Difference Methods for Systems of Nonlinear Hyperbolic Conservation Laws",
journal = "J. Comput. Phys",
volume = "27",
pages = "1-31",
year = "1978"}

@article{sulskycmame,
author = "D. Sulsky and Z. Chen and H. L. Schreyer",
title = "A Particle Method for History-Dependent Materials",
journal = "Comp. Methods Appl. Mech. Engrg.",
volume = "118",
pages = "179-196",
year = "1994"}

@book{toro,
author = "E. F. Toro",
title = "Riemann Solvers and Numerical Methods for Fluid Dynamics A Practical Introduction",
edition = "second",
publisher = "Springer",
year = "1999",
address = "Berlin"}
