@book{laney,
author = "C. B. Laney",
title = "Computational Gasdynamics",
publisher = "Cambridge University Press",
year = "1998",
address = "Cambridge"}

@article{sod,
author = "G. A. Sod",
title = "A Survey of Several Finite Difference Methods for Systems of Nonlinear Hyperbolic Conservation Laws",
journal = "J. Comput. Phys",
volume = "27",
pages = "1-31",
year = "1978"}



@book{toro,
author = "E. F. Toro",
title = "Riemann Solvers and Numerical Methods for Fluid Dynamics A Practical Introduction",
edition = "second",
publisher = "Springer",
year = "1999",
address = "Berlin"}
